
@misc{PersonasMedium,
	author = {McMahon, Kari},
	title = {Proto-Personas VS Personas},
	year = "2018",
	url = "https://medium.com/@karimcmahon/proto-personas-vs-persona-s-db8873a2d2e4",
	note = "[Online; Stand 18.02.2018]"
}

@misc{PersonasNewmedia,
	author = {NEWMEDIA},
	title = {Personas vs. Proto-Personas},
	year = "2020",
	url = "https://newmediadenver.com/personas-vs-proto-personas/",
	note = "[Online; Stand 27.02.2020]"
}

@misc{UNGoals,
	author = {United Nations},
	title = {The 17 Goals},
	year = "2021",
	url = "https://sdgs.un.org/goals",
	note = "[Online; Stand 10.09.2021]"
}

%https://www.ssoar.info/ssoar/handle/document/36221#
@book{ Theuvsen2001,
	title = {Stakeholder-Management - Möglichkeiten des Umgangs mit Anspruchsgruppen},
	author = {Theuvsen, Ludwig},
	year = {2001},
	series = {Münsteraner Diskussionspapiere zum Nonprofit-Sektor},
	pages = {27},
	volume = {16},
	address = {Münster},
	publisher = {Universität Münster, FB Erziehungswissenschaft und Sozialwissenschaften, Institut für Politikwissenschaft Civil-Society-Network},
	urn = {https://nbn-resolving.org/urn:nbn:de:0168-ssoar-362219},
	abstract = {Organisationen werden mit den Erwartungen verschiedener Anspruchsgruppen (Stakeholder) und den von ihnen verfolgten, oftmals konfligierenden Zielen konfrontiert. Jede Organisation sieht sich daher vor die Notwendigkeit gestellt zu entscheiden, wie sie im Rahmen des Stakeholder-Managements mit diesen verschiedenen Gruppierungen umgehen will. Eine mögliche Ausrichtung eines Stakeholder-Managements verfolgt nicht die normativ-ethisch orientierte Auffassung, dass alle Stakeholder dieselbe Beachtung verdienen. An ihre Stelle tritt die Überzeugung, dass die Beziehungen zwischen verschiedenen Stakeholdern wie auch zwischen Stakeholdern und Organisation sowohl kooperativer, unterstützender als auch konflikthafter, durch Interessengegensätze geprägter Natur sein können. Diese angesichts begrenzter Ressourcen, Zeit und Managementkapazitäten realistische Perspektive bildet die Grundannahme der Untersuchung des Stakeholder-Managements von Nonprofit-Organisationen (NPOs). NPOs haben nicht die Erzielung verteilungsfähiger Überschüsse für ihre Eigner, sondern die Erbringung bestimmter Leistungen für ihre Mitglieder oder Dritte zum Ziel. Daraus ergeben sich Spezifika dieser Organisationen, aufgrund derer ein aktives Stakeholder-Management einen besonders hohen Stellenwert erlangt. Im Rahmen der Studie wird untersucht, wer die Stakeholder einer NPO sind und welche für das Stakeholder-Management relevanten Besonderheiten (z.B. Freiwilligkeit, Vertrauen) NPOs auszeichnen. Anschließend werden mögliche Kriterien zur Bewertung von Stakeholdern vorgestellt. Dazu gehören die Merkmale der (1) Macht, (2) Legitimität sowie (3) Dringlichkeit. Daran knüpft eine Darstellung der organisatorischen und personalwirtschaftlichen Maßnahmen des Stakeholder-Managements an. Sie umfassen (1) Normstrategien des Stakeholder-Managements, (2) die stakeholderorientierte Gestaltung der Organisationsverfassung, (3) lose Kopplung zur Abarbeitung vielfältiger Anforderungen bzw. (4) das Stakeholder-Management durch Anreizgestaltung und Personalauswahl. In einer abschließenden Zusammenfassung merkt der Autor an, dass NPOs Besonderheiten aufweisen, die sie von den Organisationen des Markts und des Staats abheben. Eines dieser Spezifika besteht darin, dass sie sich im Bereich des Stakeholder-Managements besonderen Herausforderungen gegenüber sehen, da sie zahlreiche Stakeholder aufweisen, die teilweise sehr mächtig sind und die außerordentlich unterschiedliche Erwartungen an die Organisation richten. (ICG2)},
	keywords = {Stakeholder-Ansatz; stakeholder approach; Geschäftsführung; management; Macht; power; Legitimität; legitimacy; Interessengruppe; pressure group; Interessenkonflikt; conflict of interest; Interessenorientierung; interest orientation; Non-Profit-Organisation; non-profit-organization; Freiwilligkeit; voluntariness; Vertrauen; confidence; Personalwirtschaft; human resources management; Organisation; organization; Personalbedarf; staffing requirement; Personaleinstellung; hiring}}


@book{Cooper,
	title = {The Inmates Are Running the Asylum: Why High Tech Products Drive Us Crazy and How to Restore the Sanity},
	author = {Cooper, Alan},
	publisher = {Que}
}