@misc{UNGoals,
	author = {United Nations},
	title = {The 17 Goals},
	year = "2021",
	url = "https://sdgs.un.org/goals",
	note = "[Online; Stand 10.09.2021]"
}
