@techreport{Beetal01,
  author      = {Beck, K. and others},
  institution = {The Agile Alliance},
  title       = {{The Agile Manifesto}},
  year        = {2001}
}

@article{Co02,
  author    = {Conn, R.},
  title     = {Developing {S}oftware {E}ngineers at the {C-130J} {S}oftware {F}actory},
  journal   = {IEEE Software},
  volume    = {19},
  number    = {5},
  month     = {September/October},
  year      = {2002},
  pages     = {25--29},
  publisher = {IEEE Computer Society Press},
  address   = {Los Alamitos, CA, USA}
}

@ARTICLE{Go04,
  author    = {Goldman, A. and others},
  title     = {Being {E}xtreme in the {C}lassroom: {E}xperiences {T}eaching {XP}},
  journal   = {Journal of the Brazilian Computer Society},
  year      = {2004},
  volume    = {10},
  number    = {2},
  pages     = {4--20},
  publisher = {Springer}
}

@article{HaDu07,
  title     = {{Why software engineering programs should teach agile software development}},
  author    = {Hazzan, O. and Dubinsky, Y.},
  journal   = {SIGSOFT Softw. Eng. Notes},
  month     = {March},
  volume    = {32},
  number    = {2},
  pages     = {1--3},
  publisher = {ACM},
  address   = {New York, NY, USA},
  year      = {2007}
}

@inproceedings{JaMo06,
  author    = {Jaccheri, L. and Morasca, S.},
  title     = {On the {I}mportance of {D}ialogue with {I}ndustry about {S}oftware {E}ngineering {E}ducation},
  booktitle = {Proceedings of the 3$^{rd}$ Intl. Summit on Software Engineering Education, {SSEE}'2006},
  year      = {2006},
  location  = {Shanghai, China},
  pages     = {5--8},
  publisher = {ACM},
  address   = {New York, NY, USA},
  OPTnote   = {Available online, retrieved January 20, 2013}
}

@inproceedings{KeDi04,
  author    = {Keefe, K. and Dick, M.},
  title     = {Using {E}xtreme {P}rogramming in a capstone project},
  booktitle = {Proceedings of the 6$^{th}$ Conference on Australasian Computing Education, {ACE}'2004},
  location  = {Dunedin, New Zealand},
  pages     = {151--160},
  publisher = {Australian Computer Society, Inc.},
  year      = {2004}
}

@article{La13,
  author  = {Laitinen, A.},
  title   = {The {C}urious {B}irth and {H}armful {L}egacy of the {C}redit {H}our},
  journal = {The Chronicle of Higher Education},
  month   = {January 21},
  year    = {2013},
  address = {Washington, D.C., USA},
  note    = {Available online at \begin{footnotesize}http://www.scoop.it/t/higher-education-and-more/curate\end{footnotesize}}
}

@techreport{LeVa12,
  author      = {Lembo, D. and Vacca, M.},
  title       = {Project {B}ased {L}earning + {A}gile {I}nstructional {D}esign = {EX}treme {P}rogramming based {I}nstructional {D}esign {M}ethodology for {C}ollaborative {T}eaching},
  number      = {8},
  institution = {Dipartimento di Informatica e Sistemistica Antonio Ruberti, Sapienza Universit\`{a} di Roma},
  address     = {Italy},
  pages       = {1--24},
  year        = {2012},
  OPTnote     = {Available online, retrieved January 14, 2013}
}

@article{MeVaGo08,
  author    = {Mentz, E. and van der Walt, J.L. and Goosen, L.},
  title     = {The effect of incorporating cooperative learning principles in pair programming for student teachers},
  journal   = {Computer Science Education},
  volume    = {18},
  number    = {4},
  month     = {December},
  year      = {2008},
  pages     = {247--260},
  publisher = {Taylor \& Francis, Ltd.},
  address   = {Philadelphia, PA, USA}
}

@inproceedings{MuTi01,
  author    = {M\"{u}ller, M.M. and Tichy, W.F.},
  title     = {Case {S}tudy: {E}xtreme {P}rogramming in a {U}niversity {E}nvironment},
  booktitle = {Proceedings of the 23$^{rd}$ International Conference on Software Engineering, {ICSE}'2001},
  year      = {2001},
  location  = {Toronto, Ontario, Canada},
  pages     = {537--544},
  publisher = {IEEE Computer Society}
}

@article{Pe09,
  author    = {Perera, G.},
  title     = {Impact of using agile practice for student software projects in computer science education},
  journal   = {International Journal of Education and Development using ICT},
  volume    = {5},
  number    = {3},
  year      = {2009},
  pages     = {85--100},
  publisher = {The University of the West Indies},
  address   = {Bridgetown, Barbados}
}

@inproceedings{RaAn06,
  author    = {Razmov, V. and Anderson, R. J.},
  title     = {Experiences with {A}gile {T}eaching in {P}roject-{B}ased {C}ourses},
  booktitle = {Proceedings of the American Society for Engineering Education, ASEE Annual Conference \& Exposition},
  address   = {Chicago, Illinois, USA},
  year      = {2006},
  OPTnote   = {Available online, retrieved January 14, 2013}
}

@article{Re91,
  author  = {Reinelt, G.},
  title   = {{TSPLIB} - {A} {T}raveling {S}alesman {P}roblem {L}ibrary},
  journal = {RSA Journal on Computing},
  volume  = {3},
  year    = {1991},
  pages   = {376--384}
}

@inproceedings{Scetal12,
  author    = {Schroeder, A. and Klarl, A. and Mayer, P. and Kroi\ss, C.},
  booktitle = {Proceedings of the {IEEE} Global Engineering Education Conference, {EDUCON}'2012}, 
  title     = {Teaching {A}gile {S}oftware {D}evelopment through {L}ab {C}ourses},
  year      = {2012},
  month     = {April},
  pages     = {1--10},
  address   = {Marrakesh, Morocco}
}

@article{Sh08,
  author  = {Shaikh, S. A.},
  title   = {Participation of {F}emale {S}tudents in {C}omputer {S}cience {E}ducation},
  journal = {Learning and Teaching in Higher Education ({LATHE}): Scholarship of Inclusive Curricula},
  volume  = {3},
  year    = {2008},
  pages   = {93--96},
  OPTnote = {Available online, retrieved January 14, 2013}
}

@inproceedings{ShWi02,
  author    = {Shukla, A. and Williams, L.},
  booktitle = {Proceedings of the 15$^{th}$ Conference on Software Engineering Education and Training, {CSEE\&T}'2002},
  title     = {Adapting extreme programming for a core software engineering course},
  address   = {Covington, Kentucky, USA},
  year      = {2002},
  pages     = {184--191},
  publisher = {IEEE Computer Society}
}

@inproceedings{StLuEr08,
  author    = {Stapel, K. and L\"{u}bke, D. and Knauss, E.},
  title     = {Best practices in extreme programming course design},
  booktitle = {Proceedings of the 30$^{th}$ International Conference on Software Engineering, {ICSE}'2008},
  year      = {2008},
  location  = {Leipzig, Germany},
  pages     = {769--776},
  publisher = {ACM},
  address   = {New York, NY, USA}
}

@techreport{Th00,
  title       = {A {R}eview of {P}roject {B}ased {L}earning},
  author      = {Thomas, J.W.},
  year        = {2000},
  institution = {Prepared for The Autodesk Foundation},
  address     = {San Rafael, CA, USA}
}

@techreport{VO13,
  title       = {7$^{th}$ {A}nnual {S}tate of {A}gile {D}evelopment {S}urvey},
  author      = {--},
  year        = {2013},
  institution = {VersionOne, Inc.},
  address     = {Atlanta, GA, USA}
}

@inproceedings{XuRa05,
  author    = {Xu, S. and Rajlich, V.},
  booktitle = {Proceedings of the 35$^{th}$ {ASEE/IEEE} Frontiers in Education Conference, {ICSE}'2008},
  title     = {Pair {P}rogramming in {G}raduate {S}oftware {E}ngineering {C}ourse {P}rojects},
  year      = {2005},
  month     = {October},
  pages     = {7--12},
  location  = {Indianapolis, IN, USA},
  publisher = {IEEE}
}

@article{Za11,
  author  = {Zahra, A. L.},
  title   = {Tensions {A}ssociated with the {S}cholarship of {T}eaching and {L}earning},
  journal = {TDU Talk: Being an effective Academic in a BPRF Environment},
  volume  = {2},
  year    = {2011},
  month   = {May/June},
  pages   = {23--26},
  address = {The University of Waikato, New Zealand},
  OPTnote = {Available online, retrieved January 14, 2013}
}
